@misc{USB,
  title = {Linux USB Basics. [Электронный ресурс]. URL: https://www.kernel.org/doc/htmldocs/writing\_usb\_driver/basics.html (Дата обращения: 21.11.2023)}
}

@misc{vfs-proc,
  title = {The /proc Filesystem -- The Linux Kernel documentation. [Электронный ресурс]. URL: https://docs.kernel.org/filesystems/proc.html (Дата обращения: 21.11.2023)}
}

@article{goodix,
  title     = {P (VDF-TrFE) thin-film-based transducer for under-display ultrasonic fingerprint sensing applications},
  author    = {Peng, Chang and Chen, Mengyue and Wang, Hongchao and Shen, Jian and Jiang, Xiaoning},
  journal   = {IEEE Sensors Journal},
  volume    = {20},
  number    = {19},
  pages     = {11221--11228},
  year      = {2020},
  publisher = {IEEE}
}

@inproceedings{sysfs,
  title        = {The sysfs filesystem},
  author       = {Mochel, Patrick},
  booktitle    = {Linux Symposium},
  volume       = {1},
  pages        = {313--326},
  year         = {2005},
  organization = {The Linux Foundation San Francisco, CA, USA}
}

@article{usb-driver,
  title     = {Kernel Korner How to Write a Linux USB Device Driver},
  author    = {Kroah-Hartman, Greg},
  journal   = {Linux Journal},
  volume    = {2001},
  number    = {90},
  pages     = {4},
  year      = {2001},
  publisher = {Belltown Media Houston, TX}
}

@book{tls,
  title     = {SSL and TLS: Theory and Practice},
  author    = {Oppliger, Rolf},
  year      = {2023},
  publisher = {Artech House}
}

@article{encryption,
  title   = {A review and comparative analysis of various encryption algorithms},
  author  = {Bhanot, Rajdeep and Hans, Rahul},
  journal = {International Journal of Security and Its Applications},
  volume  = {9},
  number  = {4},
  pages   = {289--306},
  year    = {2015}
}

@inproceedings{psk,
  title        = {On the security of the pre-shared key ciphersuites of TLS},
  author       = {Li, Yong and Sch{\"a}ge, Sven and Yang, Zheng and Kohlar, Florian and Schwenk, J{\"o}rg},
  booktitle    = {Public-Key Cryptography--PKC 2014: 17th International Conference on Practice and Theory in Public-Key Cryptography, Buenos Aires, Argentina, March 26-28, 2014. Proceedings 17},
  pages        = {669--684},
  year         = {2014},
  organization = {Springer}
}

@book{toolbox,
  title     = {The Linux programmer's toolbox},
  author    = {Fusco, John},
  year      = {2007},
  publisher = {Pearson Education}
}

@book{vscode,
  title     = {Visual Studio Code Distilled},
  author    = {Del Sole, Alessandro and Sole, Del},
  year      = {2019},
  publisher = {Springer}
}
